@article{
    2,
    author = {Surname, Name},
    title = {The Title of The Article},
    journal = {Some Journal},
    issue_date = {July 2005},
    volume = {2005},
    number = {123},
    month = jul,
    year = {2005},
    issn = {0000-0000},
    publisher = {Redding Media},
    address = {Redding, CA},
}

@incollection{
    3,
    author = {Surname1, Name1, Surname2, Name2, Surname3, Name3},
    title = {Title of The Part (chapter etc.)},
    booktitle = {Title of The Book},
    publisher = {Some Publisher},
    year = {2005},
    isbn = {0000000000},
    pages = {120},
}

@inproceedings{
    4,
    author = {Surname, Name},
    title = {The Title of The Article},
    booktitle = {Proceedings of the some international conference on Something 2010},
    series = {ICoS'10},
    year = {2010},
    isbn = {0000000000},
    pages = {100--200},
    publisher = {Springer-Verlag},
    address = {Berlin, Heidelberg},
}

@book{
    5,
    author = {Surname, Name},
    title = {The Title of The Book},
    year = {2002},
    isbn = {0000000000},
    publisher = {O'Reilly Media, Inc.},
}

@online{
	6,
	title = {Some documentation},
	howpublished = {\url{http://example.com/docs}},
	note = "[Navštívené~04.11.2012]",
}
